% Encoding: UTF-8

@PhdThesis{Adams2010,
  author  = {Adams, Nikki B.},
  title   = {The {Z}ulu ditranistive verb phrase},
  school  = {University of Chicago},
  year    = {2010},
  address = {Chicago},
}

@Book{Adger2003,
  title     = {Core syntax: A minimalist approach},
  publisher = {Oxford University Press Oxford},
  year      = {2003},
  author    = {Adger, David},
  volume    = {33},
  address   = {Oxford/New York},
}

@InCollection{Alsina_Mchombo1993,
  author    = {Alsina, Alex and Mchombo, Sam},
  title     = {Object asymmetries and the {C}hichewa applicative construction},
  booktitle = {Theoretical aspects of {B}antu grammar},
  publisher = {CSLL},
  year      = {1993},
  editor    = {Mchombo, S.},
  pages     = {17-45},
  address   = {Stanford},
}

@Article{Alsina1996,
  author  = {Alsina, Alex},
  title   = {Passive types and the theory of object asymmetries},
  journal = {Natural Language \& Linguistic Theory},
  year    = {1996},
  volume  = {14},
  pages   = {673-723},
}

@Book{Anagnostopoulou2003,
  title     = {The syntax of ditransitives},
  publisher = {Mouton de Gruyter},
  year      = {2003},
  author    = {Anagnostopoulou, Elena},
  address   = {Berlin},
}

@InCollection{Anagnostopoulou2014,
  author    = {Anagnostopoulou, Elena},
  title     = {Clitic Doubling. {U}pdated version of the chapter on Clitic Doubling (2006)},
  booktitle = {The Blackwell Companion to Syntax},
  publisher = {Blackwell Publishing},
  year      = {2014},
  editor    = {Everaert, M. and H. van Riemsdijk},
  address   = {Oxford},
}

@InCollection{Anagnostopoulou2016,
  author    = {Anagnostopoulou, Elena},
  title     = {Clitic doubling and object agreement},
  booktitle = {Proceedings of the VII Nereus International Workshop: Clitic Doubling and other issues of the syntax/semantic interface in Romance DPs},
  year      = {2016},
  editor    = {Fischer, S. \& M. Navarro},
  number    = {128},
  series    = {Arbeitspapier},
  pages     = {11-42},
  address   = {Fachbereich Sprachwissenschaft, Universität Konstanz},
}

@Article{Baker1988,
  author  = {Baker, Mark},
  title   = {Theta theory and the syntax of applicatives in {C}hichewa},
  journal = {Natural Language \& Linguistic Theory},
  year    = {1988},
  number  = {6},
  pages   = {353-389},
}

@Book{Baker2008a,
  title     = {The syntax of agreement and concord},
  publisher = {Cambridge University Press},
  year      = {2008a},
  author    = {Baker, Mark},
  address   = {Cambridge},
}

@InCollection{Baker2008b,
  author    = {Baker, Mark},
  title     = {The macroparameter in a microparametric world},
  booktitle = {The Limits of Syntactic Variation},
  publisher = {John Benjamins},
  year      = {2008b},
  pages     = {351-373},
  address   = {Amsterdam},
}

@Article{Baker2012,
  author  = {Baker, Mark},
  title   = {On the relationship of object agreement and accusative case: evidence from {A}mharic},
  journal = {Linguistic Inquiry},
  year    = {2012},
  volume  = {2},
  number  = {43},
  pages   = {255-274},
}

@Book{Baker2015,
  title     = {Case. {I}ts principles and its parameters},
  publisher = {Cambridge University Press},
  year      = {2015},
  author    = {Baker, Mark},
  address   = {Cambridge},
}

@Unpublished{Baker_Kramer2016,
  author = {Baker, Mark and Kramer, Ruth},
  title  = {Clitics are Pronouns: Reduce and Interpret},
  note   = {Manuscript (in submission)},
  year   = {2016},
  url    = {http://www.rci.rutgers.edu/~mabaker/clitics-are-pronouns-resubmitted.pdf.},
}

@Unpublished{Baker2016,
  author = {Baker, Mark},
  title  = {On the status of object markers in {B}antu},
  note   = {Manuscript (in submission)},
  year   = {2016},
  url    = {http://www.rci.rutgers.edu/~mabaker/status-of-OMs-in-Bantu-paper.pdf.},
}

@PhdThesis{Barany2015,
  author  = {B\'{a}r\'{a}ny, Andr\'{a}s},
  title   = {Differential object marking in {H}ungarian and the morphosyntax of case and agreement},
  school  = {University of Cambridge},
  year    = {2015},
  address = {Cambridge},
}

@Article{Bax_Diercks2012,
  author  = {Bax, Anna and Diercks, Michael},
  title   = {Information structure constraints on object marking in {M}anyika},
  journal = {Southern African Linguistics and Applied Language Studies},
  year    = {2012},
  volume  = {2},
  number  = {30},
  pages   = {185-202},
}

@InProceedings{Beaudoin-Lietz_et_al2004,
  author    = {Beaudoin-Lietz, Christa and Nurse, Derek and Rose, Sarah},
  title     = {Pronominal object marking in {B}antu},
  booktitle = {Proceedings of the 4th World Congress of African Linguistics, New Brunswick 2003},
  year      = {2003},
  editor    = {Akinlabi, A. and Adesola, O.},
  pages     = {175-188},
  address   = {Cologne},
  publisher = {Rüdiger Köpper},
}

@Article{Bejar_Rezac2009,
  author  = {Bejar, Susana and Milan Rezac},
  title   = {Cyclic Agree},
  journal = {Linguistic Inquiry},
  year    = {2009},
  volume  = {1},
  number  = {40},
  pages   = {35-73},
}

@Article{Bhatt2005,
  author  = {Bhatt, Rajesh},
  title   = {Long distance agreement in {H}indi-{U}rdu},
  journal = {Natural Language \& Linguistic Theory},
  year    = {2005},
  number  = {10},
  pages   = {757-807},
}

@Article{Biberauer2017a,
  author  = {Biberauer, Theresa},
  title   = {Factors 2 and 3: a principled approach},
  journal = {Cambridge Occasional Papers in Linguistics},
  year    = {2017a},
  number  = {10},
  pages   = {38-65},
}

@Unpublished{Biberauer2017b,
  author = {Biberauer, Theresa},
  title  = {Maximising minimal means: typological, acquistional and diachronic perspectives},
  note   = {Three-day invited lecture series at the {C}enter for {R}esearch in {S}yntax, {S}emantics and {P}honology, Brussels},
  year   = {2017b},
}

@InCollection{Biberauer_Roberts2017,
  author    = {Biberauer, Theresa and Roberts, Ian},
  title     = {Parameter setting},
  booktitle = {The Cambridge Handbook of Historical Syntax},
  publisher = {Cambridge University Press},
  year      = {2017},
  editor    = {Ledgewqay, A. and Roberts, I.},
  pages     = {134-162},
  address   = {Cambridge},
}

@PhdThesis{Bjorkman2011,
  author  = {Bjorkman, Bronwyn},
  title   = {B{E}-ing default: the morphosyntax of auxiliaries},
  school  = {MIT},
  year    = {2011},
  address = {Cambridge, MA},
}

@InCollection{Bobaljik2008,
  author    = {Bobaljik, Johnathan David},
  title     = {Where's $\phi$? {A}greement as a post-syntactic operation},
  booktitle = {Phi-{T}heory: {P}hi features across interfaces and modules},
  publisher = {Oxford University Press},
  year      = {2008},
  editor    = {Harbour, D and Adger, D and Bejar, S.},
  pages     = {295-328},
  address   = {Oxford},
}

@Book{Borer1984,
  title     = {Parametric syntax},
  publisher = {Foris},
  year      = {1984},
  author    = {Borer, Hagit},
  address   = {Dodrecht},
}

@Article{Bresnan_Moshi1990,
  author  = {Bresnan, Joan and Moshi, Lioba},
  title   = {Object asymmetries in comparative {B}antu syntax},
  journal = {Linguistic Inquiry},
  year    = {1990},
  volume  = {2},
  number  = {10},
  pages   = {147-185},
}

@PhdThesis{Buell2005,
  author  = {Buell, Leston C.},
  title   = {Issues in {Z}ulu morphosyntax},
  school  = {University of California},
  year    = {2005},
  address = {Los Angeles},
}

@Book{Chomsky1995,
  title     = {The Minimalist Program},
  publisher = {MIT Press},
  year      = {1995},
  author    = {Chomsky, Noam},
  address   = {Cambridge, MA},
}

@InCollection{Chomsky2000,
  author    = {Chomsky, Noam},
  title     = {Minimalist inquiries: the framework},
  booktitle = {Step by step: {E}ssays on Minimalist syntax in honor of {H}oward {L}asnik},
  publisher = {MIT Press},
  year      = {2000},
  editor    = {Martin, R. and Michaels, D. and Uriagereka, J.},
  pages     = {89-155},
  address   = {Cambridge, MA},
}

@InCollection{Chomsky2001,
  author    = {Chomsky, Noam},
  title     = {Derivation by phrase},
  booktitle = {Kenneth {H}ale: a life in language},
  publisher = {MIT Press},
  year      = {2001},
  editor    = {Kenstowicz, M.},
  pages     = {1-52},
  address   = {Cambridge, MA},
}

@Article{Creissels2002,
  author  = {Creissels, Denis},
  title   = {Valence verbale et voix en {T}swana},
  journal = {Bulletin de la Soc\'{e}t\'{e} de linguistique de Paris},
  year    = {2002},
  volume  = {1},
  number  = {XCVII},
  pages   = {371-426},
}

@Article{Dechaine_Wiltschko2002,
  author  = {D\'{e}chaine, Rose-Marie and Wiltschko, Martina},
  title   = {Decomposing pronouns},
  journal = {Linguistic Inquiry},
  year    = {2002},
  volume  = {3},
  number  = {33},
  pages   = {409-442},
}

@Article{Duranti1979,
  author  = {Duranti, Alessandro},
  title   = {Object clitic pronouns in {B}antu and the topicality hierachy},
  journal = {Studies in {A}frican Linguistics},
  year    = {1979},
  volume  = {3},
  number  = {33},
  pages   = {409-442},
}

@InCollection{Fasanella_Fortuny2016,
  author    = {Fasanella, Adriana and Fortuny, Jordi},
  title     = {Deriving linguistic variation for learnability conditions: the chunking procedure},
  booktitle = {Rethinking parameters},
  publisher = {Oxford University Press},
  year      = {2016},
  editor    = {Eguren, L. and Fern\'{a}ndez-Soriano, O. and Mendikoetxea, A.},
  pages     = {105-132},
  address   = {Oxford},
}

@InCollection{Givon1976,
  author    = {Giv\'{o}n, Talmy},
  title     = {Topic, pronoun, and grammatical agreement},
  booktitle = {Subject and Topic},
  publisher = {Academic Press},
  year      = {1976},
  editor    = {Li, C.N.},
  pages     = {149-188},
  address   = {New York},
}

@Article{Harizanov2014,
  author  = {Harizanov, Boris},
  title   = {Clitic doubling at the syntax-morphophonology interface: {A}-movement and morphological merger in {B}ulgarian},
  journal = {Natural Language \& Linguistic Theory},
  year    = {2014},
  number  = {32},
  pages   = {1033-1088},
}

@PhdThesis{Henderson2006,
  author = {Henderson, Brent},
  title  = {The syntax and typology of {B}antu relative clauses},
  school = {University of Illinois at Urbana-Champaign},
  year   = {2006},
}

@InCollection{Hyman_Duranti1982,
  author    = {Hyman, Larry M. and Duranti, Alessandro},
  title     = {On the object relation in {B}antu},
  booktitle = {Syntax and semantics: studies in transitivity},
  publisher = {Academic Press},
  year      = {1982},
  editor    = {Hopper, P. and Thompson, S.},
  pages     = {217-239},
  address   = {New York},
}

@InCollection{Hyman2003,
  author    = {Hyman, Larry M.},
  title     = {Suffix ordering in {B}antu: a morphocentric approach},
  booktitle = {Yearbook of Morphology},
  publisher = {Kluwer},
  year      = {2003},
  editor    = {Booji, G. and {van Marle}, J.},
  pages     = {245-281},
  address   = {Dodrecht},
}

@InCollection{Hyman_et_al2008,
  author    = {Hyman, Larry M. and Inkelas, Sharon and Sibanda, Galen},
  title     = {Morpho-syntactic correspondence in {B}antu reduplication},
  booktitle = {The nature of word: essays in honor of {P}aul {K}iparsky},
  publisher = {MIT Press},
  year      = {2008},
  editor    = {Hanson, K. and Inkelas, S.},
  pages     = {273-310},
  address   = {Cambridge, MA},
}

@InProceedings{Jerro2015,
  author    = {Jerro, Kyle},
  title     = {Revisiting object symmetry in {B}antu},
  booktitle = {Selected Proceedings of the 44th annual conference on {A}frican Linguistics},
  year      = {2015},
  editor    = {Kramer, R. and Zsiga, E.C. and Boyer, O.T.},
  pages     = {130-145},
  address   = {Sommerville, MA},
  publisher = {Cascadilla Proceedings Project},
}

@PhdThesis{Jerro2016,
  author  = {Jerro, Kyle},
  title   = {The syntax and semantics of applicative morphology in {B}antu},
  school  = {University of Texas at Austin},
  year    = {2016},
  address = {Austin, TX},
}

@Book{Marit2002,
  title     = {Syntactic heads and word formation},
  publisher = {Oxford University Press},
  year      = {2002},
  author    = {Marit, Julien},
  address   = {Oxford},
}

@Unpublished{Kinyalolo2003,
  author = {Kinyalolo, Kasangati K.W.},
  title  = {Limiting the scope of V-movement in {K}ilega},
  note   = {Handout of a talk given at Stony Brook, New York},
  year   = {2003},
}

@Article{Kramer2014,
  author  = {Kramer, Ruth},
  title   = {Clitic doubling or object agreement: the view from {A}mharic},
  journal = {Natural Language \& Linguistic Theory},
  year    = {2014},
  number  = {32},
  pages   = {593-634},
}

@Article{Marlo2013,
  author  = {Marlo, Michael R.},
  title   = {Verb tone in {B}antu languages: micro-typological patterns and research methods},
  journal = {Africana Linguistica},
  year    = {2013},
  number  = {19},
  pages   = {137-234},
}

@Article{Marlo2014,
  author  = {Marlo, Michael R.},
  title   = {Exceptional patterns of object marking in {B}antu},
  journal = {Studies in {A}frican Linguistics},
  year    = {2014},
  volume  = {2},
  number  = {43},
  pages   = {85-123},
}

@Article{Marlo2015,
  author  = {Marlo, Michaels R.},
  title   = {On the number of object markers in {B}antu languages},
  journal = {Journal of {A}frican Languages and Linguistics},
  year    = {2015},
  volume  = {1},
  number  = {36},
  pages   = {1-65},
}

@Article{Marten_et_al2007,
  author  = {Marten, Lutz and Kula, Nancy C and Thwala, Nhlanhla},
  title   = {Parameters of morpho-syntactic variation in {B}antu},
  journal = {Transactions of the Philological Society},
  year    = {2007},
  volume  = {3},
  number  = {105},
  pages   = {253-338},
}

@Article{Marten_Kula2012,
  author  = {Marten, Lutz and Kula, Nany C.},
  title   = {Object marking and morphosyntactic variarion in {B}antu},
  journal = {South {A}frican Journal of {A}frican Languages},
  year    = {2012},
  volume  = {2},
  number  = {30},
  pages   = {237-253},
}

@Article{Moravcsik1974,
  author  = {Moravcsik, Edith A.},
  title   = {Object-verb agreement},
  journal = {Working papers in language universals, Stanford University},
  year    = {1974},
  number  = {15},
  pages   = {25-140},
}

@InProceedings{Morimoto2002,
  author    = {Morimoto, Yukiko},
  title     = {Prominence mismatches and differential object marking in {B}antu},
  booktitle = {Proceedings of the LFG02 conference},
  year      = {2002},
  editor    = {Butt, M and King, T.H.},
  pages     = {292-314},
  address   = {Stanford},
  publisher = {CSLI Publications},
}

@Book{Myers1990,
  title     = {Tone and structure of words in {S}hona},
  publisher = {Garland},
  year      = {1990},
  author    = {Myers, Scott},
  address   = {New York},
}

@Article{Nevins2011,
  author  = {Nevins, Andrew},
  title   = {Multiple agree with clitics: person complementarity vs omnivorous number},
  journal = {Natural Language \& Linguistic Theory},
  year    = {2011},
  number  = {29},
  pages   = {939-971},
}

@PhdThesis{Ngonyani1996,
  author  = {Ngonyani, Deo},
  title   = {The morphosyntax of applicatives},
  school  = {University of California},
  year    = {1996},
  address = {Los Angeles},
}

@Article{Ngonyani_Githinji2006,
  author  = {Ngonyani, Deo and Githinji, Peter},
  title   = {The asymmetric nature of {B}antu applicative constructions},
  journal = {Lingua},
  year    = {2006},
  number  = {116},
  pages   = {31-63},
}

@Book{Nunes2004,
  title     = {Linearization of chains and sideward movement},
  publisher = {MIT Press},
  year      = {2004},
  author    = {Nunes, Jairo},
  address   = {Cambridge, MA},
}

@InCollection{Nurse_Philippson2003,
  author    = {Nurse, Derek and Philippson, G\'{e}rard},
  title     = {Introduction},
  booktitle = {The {B}antu Languages},
  publisher = {Routledge},
  year      = {2003},
  editor    = {Nurse, D. and Philippson, G.},
  pages     = {1-12},
  address   = {London},
}

@Article{Polak1986,
  author  = {Polak, Louise},
  title   = {Les infices ("pr\'{e}fixes objets") du bantou et leur reconstruction},
  journal = {Africana Linguistica},
  year    = {1986},
  number  = {10},
  pages   = {365-421},
}

@Article{Preminger2009,
  author  = {Preminger, Omer},
  title   = {Breaking agreements: distinguishing agreement and clitic doubling by their failures},
  journal = {Linguisitc Inquiry},
  year    = {2009},
  number  = {40},
  pages   = {619-666},
}

@Article{Pretorius_et_al2012,
  author  = {Pretorius, Rigardt and Berg, Ansu and Pretorius, Laurette},
  title   = {Multiple object agreement morphemes in {S}etswana: a computational approach},
  journal = {Southern {A}frican Linguistics and Applied Languages Studies},
  year    = {2012},
  volume  = {2},
  number  = {30},
  pages   = {203-218},
}

@PhdThesis{Ranero2015,
  author  = {Ranero, Rodrigo},
  title   = {The syntax of discolated objects in {L}uganda},
  school  = {University of Cambridge},
  year    = {2015},
  address = {Cambridge},
}

@Book{Riedel2009,
  title     = {The syntax of object marking in {S}ambaa: a comperative perspective},
  publisher = {LOT},
  year      = {2009},
  author    = {Riedel, Katharina},
  address   = {Utrecht},
}

@Book{Roberts2010,
  title     = {Agreement and head movement: clitics, incorporation, and defective goals},
  publisher = {MIT Press},
  year      = {2010},
  author    = {Roberts, Ian},
  address   = {Cambridge, MA},
}

@Book{Roehl1911,
  title     = {Versuch einer systematischen {G}rammatik der {S}chambalasprache},
  publisher = {Friedrichsen},
  year      = {1911},
  author    = {Roehl, Karl},
  address   = {Hamburg},
}

@Conference{Rugemalira1991,
  author    = {Rugemalira, Josephat M.},
  title     = {What is a symmetrical language? {M}ultiple object constructions in {B}antu},
  booktitle = {17th Annual Meeting of the Berkeley Linguistics Society: Papers from the special session},
  year      = {1991},
  editor    = {Hubbard, K.},
  pages     = {200-209},
  publisher = {Berkeley Linguistic Society},
}

@Article{Rugemalira1993,
  author  = {Rugemalira, Josephat M.},
  title   = {Bantu multiple 'object' constructions},
  journal = {Linguistic Analysis},
  year    = {1993},
  number  = {23},
  pages   = {226-252},
}

@InCollection{Schadeberg1995,
  author    = {Schadeberg, Thilo C.},
  title     = {Object diagnostics in {B}antu},
  booktitle = {Issues in {A}frican languages and linguistics},
  publisher = {National Institute for {N}igerian Languages},
  year      = {1995},
  pages     = {173-180},
  address   = {Aba},
}

@Book{Sheehan_et_al2017,
  title     = {The final-over-final condition. {A} syntactic universal},
  publisher = {MIT Press},
  year      = {2017},
  author    = {Sheehan, Michelle and Biberauer, Theresa and Holmberg, Anders and Roberts, Ian},
  address   = {Cambridge, MA},
}

@Unpublished{Sikuku2012,
  author = {Sikuku, Justine},
  title  = {Comparing reflexive and object marking in {L}ubukusu},
  note   = {Manuscript, Moi University},
  year   = {2012},
}

@InProceedings{Ssekiryango2006,
  author    = {Ssekiryango, Jackson},
  title     = {Observations on double object constructions in {L}uganda},
  booktitle = {Selected Proceedings of the 36th Annual Conference on {A}frican Linguistics},
  year      = {2006},
  editor    = {Arasanyin, O. F. and Pemberton, M. A.},
  address   = {Sommerville, MA},
  publisher = {Cascadilla Proceedings Project},
}

@Article{Thwala2006,
  author  = {Thwala, Nhlanhla},
  title   = {Parameters of variation and complement licensing in {B}antu},
  journal = {ZAS Papers in Linguistics},
  year    = {2006},
  number  = {43},
  pages   = {209-232},
}

@Book{Van_der_Wal2009,
  title     = {Word order and information structure in {M}akhuwa-{E}nahara},
  publisher = {LOT},
  year      = {2009},
  author    = {{Van der Wal}, Jenneke},
  address   = {Utrecht},
}

@Article{Van_der_Wal2015,
  author  = {{Van der Wal}, Jenneke},
  title   = {Bantu object clitics as defective goals},
  journal = {Revue Roumaine de Linguistique},
  year    = {2015},
  volume  = {2-3},
  number  = {LX},
  pages   = {277-296},
}

@InCollection{Van_der_Wal2017a,
  author    = {{Van der Wal}, Jenneke},
  title     = {Flexibility in symmetry: An implicational relation in {B}antu double object constructions},
  booktitle = {Order and structure in syntax II: Subjecthood and argument structure},
  publisher = {Language Science Press},
  year      = {2017a},
  editor    = {Sheehan, M. and Bailey, L. R.},
  pages     = {115-152},
  address   = {Berlin},
}

@Unpublished{Van_der_Wal2017b,
  author = {{Van der Wal}, Jenneke},
  title  = {The {AWSOM} and {RANDOM} in {B}antu object marking},
  note   = {Paper presented at {IGRA} Colloquium, Universität Leipzig},
  year   = {2017b},
}

@InCollection{Van_der_WalTA,
  author    = {{Van der Wal}, Jenneke},
  title     = {From macroparameters to nanoparameters - a comparative {B}antu case study},
  booktitle = {Nominal architecture and its consequences. {S}ynchronic and diachronic perspectives},
  publisher = {Language Science Press},
  year      = {to appear},
  editor    = {B\'{a}r\'{a}ny, A. and Biberauer, T. and Douglas, J. and Vikner, S.},
  address   = {Berlin},
}

@InCollection{Woolford1995,
  author    = {Woolford, Ellen},
  title     = {Why passives can block object marking},
  booktitle = {Theoretical approaches to {A}frican Linguistics},
  publisher = {Africa World Press},
  year      = {1995},
  editor    = {Akinlabi, A.},
  pages     = {199-215},
  address   = {New Jersey},
}

@Unpublished{Yokoyama2016,
  author = {Yokoyama, Tomohiro},
  title  = {Structure and features: the ordering of object markers in {K}inyarwanda},
  note   = {Paper presented at {B}antu 6, Helsinki},
  year   = {2016},
}

@Article{Zeller_Ngoboka2006,
  author  = {Zeller, Jochen and Ngoboka, Jean Paul},
  title   = {Kinyarwanda locative applicatives and the minimal link condition},
  journal = {South {A}frican Journal of {A}frican Languages},
  year    = {2006},
  number  = {24},
  pages   = {101-124},
}

@Article{Zeller2014,
  author  = {Zeller, Jochen},
  title   = {Three types of object marking in {B}antu},
  journal = {Linguistische {B}erichte},
  year    = {2014},
  number  = {239},
  pages   = {347-367},
}

@Article{Zeller_Ngoboka2015,
  author  = {Zeller, Jochen and Ngoboka, Jean Paul},
  title   = {On parametric variation in {B}antu, with particular reference to {K}inyarwanda},
  journal = {Transactions of the Philological Society},
  year    = {2015},
  volume  = {2},
  number  = {113},
  pages   = {206-231},
}

@Comment{jabref-meta: databaseType:bibtex;}
